@online{noauthor_physics_nodate,
	title = {What Is Hooke's Law?},
	url = {https://www.khanacademy.org/science/physics/work-and-energy/hookes-law/a/what-is-hookes-law},
	urldate = {2020-03-07},
	file = {Physics Tutorial\: Pendulum Motion:C\:\\Users\\david\\Zotero\\storage\\AM7QB9MW\\Pendulum-Motion.html:text/html}
}